@misc{ChoEtal19,
	Author = {S.-C. T. Choi and Y. Ding and F. J. Hickernell and L. Jiang and {Ll . A. Jim\'enez Rugama} and D. Li and R. Jagadeeswaran and X. Tong and K. Zhang and Y. Zhang and X. Zhou},
	Howpublished = {MATLAB software},
	Pubtype = soft,
	Title = {{GAIL}: {G}uaranteed {A}utomatic {I}ntegration {L}ibrary (Versions 1.0--2.3)},
	Url = {http://gailgithub.github.io/GAIL_Dev/},
	Year = {{2013--2019}},
	Bdsk-Url-1 = {http://gailgithub.github.io/GAIL_Dev/}}
	
@misc{HicEtal19,
	Author = {F. J. Hickernell and S.-C. T. Choi  and A. Sorokin},
	Howpublished = {MATLAB and Python 3 software},
	Pubtype = soft,
	Title = {{QMC} Community Software},
	Url = {https://github.com/QMCSoftware/QMCSoftware},
	Year = {{2019}},
	note = {Working}}
	
@article{kuo2016application,
  title={Application of quasi-Monte Carlo methods to elliptic PDEs with random diffusion coefficients: a survey of analysis and implementation},
  author={Kuo, Frances Y and Nuyens, Dirk},
  journal={Foundations of Computational Mathematics},
  volume={16},
  number={6},
  pages={1631--1696},
  year={2016},
  publisher={Springer}
}	
